%% This BibTeX bibliography file was created using BibDesk.
%% http://bibdesk.sourceforge.net/


%% Created for Peps at 2018-06-05 09:05:38 +0200 


%% Saved with string encoding Unicode (UTF-8) 


@inproceedings{melzi2017localized,
  title={Localized Manifold Harmonics for Spectral Shape Analysis},
  author={S. Melzi and E. Rodol{\`a} and U. Castellani and M. Bronstein},
  year={2017},
  booktitle={Computer Graphics Forum},
  organization={Wiley Online Library}
}

@inproceedings{RAVIV2010,
	Author = {Raviv, D. and Bronstein, M. M. and Bronstein, A. M. and Kimmel, R.},
	Booktitle = {Proc. of the ACM Workshop on {{{3D}}} Object Retrieval},
	Date-Added = {2018-06-04 09:37:50 +0000},
	Date-Modified = {2018-06-04 09:37:50 +0000},
	Numpages = {6},
	Pages = {39--44},
	Series = {{{{3D}}}OR '10},
	Title = {Volumetric Heat Kernel Signatures},
	Year = {2010}}

@article{OVSJANKOV2010,
	Author = {M. Ovsjanikov and Q. M\`erigot and F. M\`emoli and L. Guibas},
	Date-Added = {2018-06-04 09:37:43 +0000},
	Date-Modified = {2018-06-05 06:57:28 +0000},
	Journal = {ACM Symp. on Discrete Algorithms},
	Pages = {650-663},
	Title = {One point isometric matching with the heat kernel},
	Year = {2010}}

@article{SUN2009,
	Author = {J. Sun and M. Ovsjanikov and L. J. Guibas},
	Date-Added = {2018-06-04 09:36:06 +0000},
	Date-Modified = {2018-06-05 06:58:18 +0000},
	Journal = {Computer Graphics Forum},
	Number = {5},
	Pages = {1383-1392},
	Title = {A concise and provably informative multi-scale signature based on heat diffusion},
	Volume = {28},
	Year = {2009}}

@article{MAHMOUDI2009,
	Author = {Mahmoudi, M. and Sapiro, G.},
	Date-Added = {2018-06-04 09:35:59 +0000},
	Date-Modified = {2018-06-04 09:35:59 +0000},
	Journal = {Graphical Models},
	Number = {1},
	Pages = {22--31},
	Title = {Three-dimensional point cloud recognition via distributions of geometric distances},
	Volume = {71},
	Year = {2009}}

@inproceedings{RUSTAMOV2007,
	Author = {Rustamov, R. M.},
	Booktitle = {Proc. of the Symp. on Geometry Processing},
	Date-Added = {2018-06-04 09:35:50 +0000},
	Date-Modified = {2018-06-04 09:35:50 +0000},
	Pages = {225--233},
	Title = {{L}aplace-{B}eltrami eigenfunctions for deformation invariant shape representation},
	Year = {2007}}

@inproceedings{MEMOLI2009,
	Author = {Memoli, F.},
	Booktitle = {Workshop on Non-Rigid Shape Analysis and Deformable Image Alignment},
	Date-Added = {2018-06-04 09:35:36 +0000},
	Date-Modified = {2018-06-04 09:35:36 +0000},
	Pages = {256-263},
	Title = {Spectral {G}romov-{W}asserstein distances for shape matching},
	Year = {2009}}

@article{MEMOLI2011,
	Author = {F. Memoli},
	Date-Added = {2018-06-04 09:35:27 +0000},
	Date-Modified = {2018-06-04 09:35:27 +0000},
	Journal = {Applied and Computational Harmonic Analysis},
	Number = {3},
	Pages = {363 - 401},
	Title = {A spectral notion of Gromov-Wasserstein distance and related methods},
	Volume = {30},
	Year = {2011}}

@article{Memoli05,
	Author = {F. M\`emoli and G. Sapiro},
	Date-Added = {2018-06-04 09:35:27 +0000},
	Date-Modified = {2018-06-04 09:35:27 +0000},
	Issn = {1615-3375},
	Journal = {Foundations of Computational Mathematics},
	Number = {3},
	Optnote = {Gromov-Hausdorff Distance; Bending invariant matching; topological matching; point based model; Geodesics and shortest paths; geodesics applications; point based model retrieval;},
	Pages = {313--347},
	Title = {A Theoretical and Computational Framework for Isometry Invariant Recognition of Point Cloud Data},
	Volume = {5},
	Year = {2005}}

@article{LAFON2006,
	Author = {S. Lafon and Y. Keller and R. R. Coifman},
	Date-Added = {2018-06-04 09:35:03 +0000},
	Date-Modified = {2018-06-04 09:35:03 +0000},
	Journal = {IEEE Trans. on Pattern Analysis Machine Intelligence},
	Number = {11},
	Pages = {1784--1797},
	Publisher = {IEEE Computer Society},
	Title = {Data Fusion and Multicue Data Matching by Diffusion Maps},
	Volume = {28},
	Year = {2006}}

@article{GEBAL2009,
	Author = {K. Gebal and J. A. B{\ae}rentzen and H. Aan{\ae}s and R. Larsen},
	Date-Added = {2018-06-04 09:34:54 +0000},
	Date-Modified = {2018-06-05 06:55:12 +0000},
	Journal = {Computer Graphics Forum},
	Number = {5},
	Pages = {1405-1413},
	Title = {Shape analysis using the auto diffusion function},
	Volume = {28},
	Year = {2009}}

@article{DEY2010,
	Author = {T. K. Dey and P. Ranjan and Y. Wang},
	Date-Added = {2018-06-04 09:34:45 +0000},
	Date-Modified = {2018-06-04 09:34:45 +0000},
	Journal = {ACM Symp. Discrete Algorithms},
	Pages = {650--663},
	Title = {Convergence, Stability, and Discrete Approximation of {L}aplace Spectra},
	Year = {2010}}

@article{COIFMAN2006,
	Author = {Coifman, R. R. and Lafon, S.},
	Booktitle = {Diffusion Maps and Wavelets},
	Date-Added = {2018-06-04 09:34:33 +0000},
	Date-Modified = {2018-06-04 09:34:33 +0000},
	Journal = {Applied and Computational Harmonic Analysis},
	Number = {1},
	Pages = {5--30},
	Title = {Diffusion maps},
	Volume = {21},
	Year = {2006}}

@inproceedings{BRONSTEIN2010,
	Author = {Bronstein, M.M. and Kokkinos, I.},
	Booktitle = {IEEE Conf. on Computer Vision and Pattern Recognition},
	Date-Added = {2018-06-04 09:34:24 +0000},
	Date-Modified = {2018-06-04 09:34:24 +0000},
	Pages = {1704 -1711},
	Title = {Scale-invariant heat kernel signatures for non-rigid shape recognition},
	Year = {2010}}

@article{BRONSTEIN2010-TOG,
	Author = {A. M. Bronstein and M. M. Bronstein and M. Ovsjanikov and L. J. Guibas},
	Date-Added = {2018-06-04 09:34:24 +0000},
	Date-Modified = {2018-06-04 09:34:24 +0000},
	Journal = {ACM Trans. on Graphics},
	Number = {1},
	Title = {Shape {G}oogle: geometric words and expressions for invariant shape retrieval},
	Volume = {30},
	Year = {2011}}

@article{BRONSTEIN2009,
	Author = {Bronstein, A. and Bronstein, M. and Kimmel, R. and Mahmoudi, M. and Sapiro, G.},
	Date-Added = {2018-06-04 09:34:20 +0000},
	Date-Modified = {2018-06-05 06:53:45 +0000},
	Journal = {Intern. Journal of Computer Vision},
	Pages = {266-286},
	Title = {A {G}romov-{H}ausdorff framework with diffusion geometry for topologically-robust non-rigid shape matching},
	Volume = {2-3},
	Year = {2010}}

@article{WEBER2012,
	Author = {Weber, O. and Poranne, R. and Gotsman, C.},
	Date-Added = {2018-06-04 09:34:03 +0000},
	Date-Modified = {2018-06-05 06:55:50 +0000},
	Journal = {Computer Graphics Forum},
	Month = dec,
	Number = {8},
	Pages = {2409--2422},
	Title = {Biharmonic coordinates},
	Volume = {31},
	Year = {2012}}

@article{JACOBSON2014,
	Author = {A. Jacobson and I. Baran and J. Popovic and O. Sorkine{-}Hornung},
	Date-Added = {2018-06-04 09:33:57 +0000},
	Date-Modified = {2018-06-04 09:33:57 +0000},
	Journal = {Commun. {ACM}},
	Number = {4},
	Pages = {99--106},
	Title = {Bounded biharmonic weights for real-time deformation},
	Volume = {57},
	Year = {2014}}

@article{JOSHI2007,
	Acmid = {1276466},
	Address = {New York, NY, USA},
	Articleno = {71},
	Author = {Joshi, P. and Meyer, M. and DeRose, T. and Green, B. and Sanocki, T.},
	Date-Added = {2018-06-04 09:33:44 +0000},
	Date-Modified = {2018-06-05 06:56:02 +0000},
	Issn = {0730-0301},
	Issue_Date = {July 2007},
	Journal = {ACM Trans. on Graphics},
	Keywords = {barycentric coordinates, free form deformations, mean value coordinates, rigging},
	Month = jul,
	Number = {3},
	Publisher = {ACM},
	Title = {Harmonic coordinates for character articulation},
	Volume = {26},
	Year = {2007},
	Bdsk-Url-1 = {http://doi.acm.org/10.1145/1276377.1276466},
	Bdsk-Url-2 = {http://dx.doi.org/10.1145/1276377.1276466}}

@article{FENG2012,
	Articleno = {115},
	Author = {Feng, P. and Warren, J.},
	Date-Added = {2018-06-04 09:33:38 +0000},
	Date-Modified = {2018-06-05 07:05:38 +0000},
	Issue_Date = {July 2012},
	Journal = {ACM Trans. Graphics},
	Month = jul,
	Number = {4},
	Pages = {115:1--115:11},
	Title = {Discrete bi-{L}aplacians and biharmonic {B}-splines},
	Volume = {31},
	Year = {2012}}

@article{KONVATSKY2013,
	Author = {A. Kovnatsky and M. M. Bronstein and A. M. Bronstein and K. Glashoff and R. Kimmel},
	Date-Added = {2018-06-04 09:33:26 +0000},
	Date-Modified = {2018-06-04 09:33:26 +0000},
	Journal = {Computer Graphics Forum},
	Number = {2},
	Pages = {439--448},
	Title = {Coupled quasi-harmonic bases},
	Volume = {32},
	Year = {2013}}

@article{ZHENG2013,
	Author = {Zheng, Y. and Tai, C.-L. and Zhang, E. and Xu, P.},
	Date-Added = {2018-06-04 09:33:06 +0000},
	Date-Modified = {2018-06-05 06:59:38 +0000},
	Issn = {1077-2626},
	Journal = {IEEE Trans. on Visualization and Computer Graphics},
	Month = jul,
	Number = {7},
	Pages = {1172--1184},
	Title = {Pairwise harmonics for shape analysis},
	Volume = {19},
	Year = {2013}}

@article{LI2010,
	Author = {X. Li and H. Xu and S. Wan and Z. Yin and W. Yu},
	Date-Added = {2018-06-04 09:32:57 +0000},
	Date-Modified = {2018-06-04 09:32:57 +0000},
	Journal = {Computers $\&$ Graphics},
	Number = {3},
	Pages = {242-251},
	Title = {Feature-aligned harmonic volumetric mapping using {MFS}},
	Volume = {34},
	Year = {2010}}

@inproceedings{LI2007,
	Author = {Li, X. and Guo, X. and Wang, H. and He, Y. and Gu, D. and Qin, H.},
	Booktitle = {Proc. of ACM Symp. on Solid and Physical Modeling},
	Date-Added = {2018-06-04 09:32:57 +0000},
	Date-Modified = {2018-06-04 09:32:57 +0000},
	Numpages = {12},
	Pages = {109--120},
	Publisher = {ACM},
	Title = {Harmonic Volumetric Mapping for Solid Modeling Applications},
	Year = {2007}}

@inproceedings{OVSJANIKOV2017-STAR,
	Articleno = {5},
	Author = {Ovsjanikov, M. and Corman, E. and Bronstein, M. and Rodol\`{a}, E. and Ben-Chen, M. and Guibas, L. and Chazal, F. and Bronstein, A.},
	Booktitle = {ACM SIGGRAPH 2017 Courses},
	Date-Modified = {2018-06-05 06:57:03 +0000},
	Numpages = {62},
	Pages = {5:1--5:62},
	Title = {Computing and processing correspondences with functional maps},
	Year = {2017}}

@article{NOGNENG2017,
	Author = {D. Nogneng and M. Ovsjanikov},
	Date-Modified = {2018-06-05 06:56:41 +0000},
	Journal = {Computer Graphics Forum},
	Number = {2},
	Pages = {259--267},
	Title = {Informative descriptor preservation via commutativity for shape matching},
	Volume = {36},
	Year = {2017}}

@article{OVSJANIKOV2012,
	Author = {M. Ovsjanikov and M. Ben-Chen and J. Solomon and A. Butscher and L. J. Guibas},
	Bibsource = {DBLP, http://dblp.uni-trier.de},
	Date-Added = {2018-05-29 14:54:47 +0000},
	Date-Modified = {2018-05-29 14:54:47 +0000},
	Ee = {http://doi.acm.org/10.1145/2185520.2185526},
	Journal = {ACM Trans. on Graphics},
	Number = {4},
	Pages = {30},
	Title = {Functional maps: a flexible representation of maps between shapes},
	Volume = {31},
	Year = {2012}}

@article{ALEXA2011,
	Author = {M. Alexa and M. Wardetzky},
	Date-Added = {2018-05-29 14:54:34 +0000},
	Date-Modified = {2018-06-05 06:53:01 +0000},
	Journal = {ACM Trans. on Graphics},
	Number = {4},
	Title = {Discrete Laplacians on general polygonal meshes},
	Volume = {30},
	Year = {2011}}

@article{VAXMAN2010,
	Author = {Vaxman, A. and Ben-Chen, M. and Gotsman, C.},
	Date-Added = {2018-05-29 14:53:48 +0000},
	Date-Modified = {2018-06-05 06:58:44 +0000},
	Journal = {ACM Trans. on Graphics},
	Number = {4},
	Pages = {1--10},
	Title = {A multi-resolution approach to heat kernels on discrete surfaces},
	Volume = {29},
	Year = {2010}}

@article{WANG2018,
	Archiveprefix = {arXiv},
	Author = {Y. Wang and M. Ben{-}Chen and I, Polterovich and J. Solomon},
	Date-Modified = {2018-06-05 06:59:14 +0000},
	Journal = {CoRR},
	Timestamp = {Sat, 05 Aug 2017 14:56:07 +0200},
	Title = {Steklov geometry processing: An extrinsic approach to spectral shape analysis},
	Volume = {abs/1707.07070},
	Year = {2017},
	Bdsk-Url-1 = {http://arxiv.org/abs/1707.07070}}

@article{CHOUKROUN-CORR2017,
	Author = {Y. Choukroun and G. Pai and R. Kimmel},
	Date-Added = {2018-05-27 09:42:20 +0000},
	Date-Modified = {2018-06-05 06:54:05 +0000},
	Journal = {CoRR},
	Timestamp = {Sat, 05 Aug 2017 14:56:12 +0200},
	Title = {Sparse approximation of {3D} meshes using the spectral geometry of the hamiltonian operator},
	Volume = {abs/1707.02120},
	Year = {2017},
	Bdsk-Url-1 = {http://arxiv.org/abs/1707.02120}}

@book{GOLUB1989,
	Author = {G. Golub and G.F. VanLoan},
	Date-Added = {2018-05-07 13:30:41 +0000},
	Date-Modified = {2018-05-07 13:30:41 +0000},
	Publisher = {John Hopkins University Press, 2nd Edition},
	Title = {Matrix Computations},
	Year = {1989}}

@article{FLOATER2005,
	Author = {M. S. Floater and G. Kos and M. Reimers},
	Date-Added = {2018-05-07 08:31:34 +0000},
	Date-Modified = {2018-05-07 08:31:34 +0000},
	Journal = {Computer Aided Geometric Design},
	Number = {7},
	Pages = {623 - 631},
	Title = {Mean value coordinates in 3D},
	Volume = {22},
	Year = {2005}}

@article{BAREKAT2017,
	Author = {F. Barekat and R. Caflisch and S. Osher},
	Date-Added = {2018-05-05 11:33:26 +0000},
	Date-Modified = {2018-06-05 06:53:19 +0000},
	Journal = {SIAM Journal on Mathematical Analysis},
	Number = {4},
	Pages = {2573-2590},
	Title = {On the support of compressed modes},
	Volume = {49},
	Year = {2017},
	Bdsk-Url-1 = {https://doi.org/10.1137/140956725}}

@article{PATANE-STAR2016,
	Author = {G. Patan{\`{e}}},
	Bibsource = {dblp computer science bibliography, http://dblp.org},
	Biburl = {http://dblp.uni-trier.de/rec/bib/journals/cgf/Patane16},
	Date-Added = {2018-05-05 11:30:54 +0000},
	Date-Modified = {2018-05-05 11:30:54 +0000},
	Doi = {10.1111/cgf.12866},
	Journal = {Computer Graphics Forum},
	Number = {2},
	Pages = {599--624},
	Timestamp = {Fri, 26 May 2017 22:53:57 +0200},
	Title = {{STAR} - {L}aplacian Spectral Kernels and Distances for Geometry Processing and Shape Analysis},
	Volume = {35},
	Year = {2016},
	Bdsk-Url-1 = {https://doi.org/10.1111/cgf.12866},
	Bdsk-Url-2 = {http://dx.doi.org/10.1111/cgf.12866}}

@article{XU2004,
	Author = {G. Xu},
	Date-Added = {2018-05-05 11:30:43 +0000},
	Date-Modified = {2018-05-05 11:30:43 +0000},
	Journal = {Computer Aided Geometric Design},
	Number = {21},
	Pages = {398--407},
	Title = {Discrete {L}aplace-{B}eltrami operators and their convergence},
	Volume = {8},
	Year = {2007}}

@article{HILDEBRANDT2006,
	Author = {Hildebrandt, K. and Polthier, K. and Wardetzky, M.},
	Date-Added = {2018-05-05 11:30:35 +0000},
	Date-Modified = {2018-05-05 11:30:35 +0000},
	Journal = {Geometria Dedicata},
	Pages = {89-112},
	Title = {On the Convergence of Metric and Geometric Properties of Polyhedral Surfaces},
	Year = {2006}}

@article{PATANE-CAGD2013,
	Author = {G. Patan\`e},
	Date-Added = {2018-05-05 11:30:28 +0000},
	Date-Modified = {2018-05-05 11:30:28 +0000},
	Journal = {Computer Aided Geometric Design},
	Number = {3},
	Pages = {276--295},
	Title = {{wFEM} Heat Kernel: discretization and applications to shape analysis and retrieval},
	Volume = {30},
	Year = {2013}}

@article{HERHOLZ2015,
	Author = {P. Herholz and J. E. Kyprianidis and M. Alexa},
	Date-Added = {2018-05-05 11:30:19 +0000},
	Date-Modified = {2018-06-05 06:55:30 +0000},
	Journal = {Computer Graphics Forum},
	Number = {5},
	Pages = {211--218},
	Title = {Perfect {L}aplacians for polygon meshes},
	Volume = {34},
	Year = {2015}}

@article{LIU2012,
	Author = {Liu, Y. and Prabhakaran, B. and Guo, X.},
	Date-Added = {2018-05-05 11:29:45 +0000},
	Date-Modified = {2018-06-05 06:56:22 +0000},
	Journal = {IEEE Trans. on Visualization and Computer Graphics},
	Number = {10},
	Pages = {1693 -1703},
	Title = {Point-based manifold harmonics},
	Volume = {18},
	Year = {2012}}

@article{BELKIN2003,
	Author = {M. Belkin and P. Niyogi},
	Date-Added = {2018-05-05 11:29:34 +0000},
	Date-Modified = {2018-06-05 07:04:52 +0000},
	Journal = {Neural Computations},
	Number = {6},
	Pages = {1373--1396},
	Publisher = {MIT Press},
	Title = {{L}aplacian eigenmaps for dimensionality reduction and data representation},
	Volume = {15},
	Year = {2003}}

@article{PINKALL1993,
	Author = {U. Pinkall and K. Polthier},
	Date-Added = {2018-05-05 11:29:27 +0000},
	Date-Modified = {2018-06-05 06:57:49 +0000},
	Journal = {Experimental Mathematics},
	Number = {1},
	Pages = {15--36},
	Title = {Computing discrete minimal surfaces and their conjugates},
	Volume = {2},
	Year = {1993},
	Bdsk-Url-1 = {http://visinfo.zib.de/EVlib/Show?EVL-1993-35}}

@article{reuter:cad06,
	Author = {M. Reuter and F.-E. Wolter and N. Peinecke},
	Date-Added = {2018-05-05 11:29:19 +0000},
	Date-Modified = {2018-05-05 11:29:19 +0000},
	Journal = {Computer-Aided Design},
	Number = {4},
	Pages = {342--366},
	Title = {{L}aplace-{B}eltrami spectra as {S}hape-{DNA} of surfaces and solids},
	Volume = {38},
	Year = {2006}}

@inproceedings{DESBRUN1999,
	Author = {M. Desbrun and M. Meyer and P. Schr\"{o}der and A. H. Barr},
	Booktitle = {ACM Siggraph},
	Date-Added = {2018-05-05 11:29:05 +0000},
	Date-Modified = {2018-05-05 11:29:05 +0000},
	Pages = {317--324},
	Title = {Implicit fairing of irregular meshes using diffusion and curvature flow},
	Year = {1999},
	Bdsk-Url-1 = {http://doi.acm.org/10.1145/311535.311576}}

@inproceedings{MOENNING2003,
	Author = {Moenning, C. and Dodgson, N. A.},
	Booktitle = {Eurographics 2003 - Posters},
	Date-Added = {2018-05-05 11:28:47 +0000},
	Date-Modified = {2018-05-07 13:39:23 +0000},
	Publisher = {Eurographics Association},
	Title = {Fast Marching farthest point sampling},
	Year = {2003},
	Bdsk-Url-1 = {https://doi.org/10.2312/egp.20031024}}

@article{ELDAR2007,
	Acmid = {2319418},
	Author = {Eldar, Y. and Lindenbaum, M. and Porat, M. and Zeevi, Y. Y.},
	Date-Added = {2018-05-05 11:28:37 +0000},
	Date-Modified = {2018-06-05 06:54:27 +0000},
	Issn = {1057-7149},
	Issue_Date = {September 1997},
	Journal = {Trans. Img. Proc.},
	Month = sep,
	Number = {9},
	Numpages = {11},
	Pages = {1305--1315},
	Publisher = {IEEE Press},
	Title = {The Farthest Point Strategy for progressive image sampling},
	Volume = {6},
	Year = {1997},
	Bdsk-Url-1 = {https://doi.org/10.1109/83.623193}}

@article{NEUMANN2014,
	Author = {T. Neumann and K. Varanasi and C. Theobalt and M. A. Magnor and M. Wacker},
	Journal = {Computer Graphics Forum},
	Number = {5},
	Pages = {35--44},
	Title = {Compressed Manifold Modes for Mesh Processing},
	Volume = {33},
	Year = {2014}
	}
